@article{candes,
  title={Robust principal component analysis?},
  author={Cand{\`e}s, Emmanuel J and Li, Xiaodong and Ma, Yi and Wright, John},
  journal={Journal of the ACM},
  volume={58},
  number={3},
  pages={1--37},
  year={2011},
  publisher={ACM New York, NY, USA}
}

@article{hmf,
  title={A data-driven model for spectra: Finding double redshifts in the {Sloan Digital Sky Survey}},
  author={Tsalmantza, P and Hogg, David W},
  journal={The Astrophysical Journal},
  volume={753},
  number={2},
  pages={122},
  year={2012},
  publisher={IOP Publishing}
}